@article{Nakagawa,
author = {Nakagawa, M and Ametani, A and Iwamoto, K},
doi = {10.1049/piee.1973.0312},
file = {:D\:/Artigos/nakagawa1973.pdf:pdf},
issn = {00203270},
journal = {Proceedings of the Institution of Electrical Engineers},
number = {12},
pages = {1521},
title = {{Further Studies on Wave Propagation in Overhead Lines with Earth Return: Impedance of Stratified Earth}},
url = {https://digital-library.theiet.org/content/journals/10.1049/piee.1973.0312},
volume = {120},
year = {1973}
}
@article{Carson1926,
author = {Carson, John R.},
doi = {10.1002/j.1538-7305.1926.tb00122.x},
file = {:C\:/Users/caiom/AppData/Local/Mendeley Ltd./Mendeley Desktop/Downloaded/Carson - 1926 - Wave Propagation in Overhead Wires with Ground Return.pdf:pdf},
issn = {15387305},
journal = {Bell System Technical Journal},
number = {4},
pages = {539--554},
title = {{Wave Propagation in Overhead Wires with Ground Return}},
volume = {5},
year = {1926}
}
